

@article{nashEquilibriumPointsNperson1950,
  ids = {nash1950equilibrium},
  title = {Equilibrium Points in N-Person Games},
  author = {Nash, John F and others},
  year = {1950},
  volume = {36},
  pages = {48--49},
  publisher = {{USA}},
  journal = {Proceedings of the national academy of sciences},
  number = {1}
}


@inproceedings{silverDeterministicPolicyGradient2014,
  title = {Deterministic {{Policy Gradient Algorithms}}},
  booktitle = {International {{Conference}} on {{Machine Learning}}},
  author = {Silver, David and Lever, Guy and Heess, Nicolas and Degris, Thomas and Wierstra, Daan and Riedmiller, Martin},
  year = {2014},
  month = jan,
  pages = {387--395},
  url = {http://proceedings.mlr.press/v32/silver14.html},
  urldate = {2019-04-16},
  abstract = {In this paper we consider deterministic policy gradient algorithms for reinforcement learning with continuous actions. The deterministic policy gradient has a particularly appealing form: it is the...},
  language = {en}
}
% == BibTeX quality report for silverDeterministicPolicyGradient2014:
% Missing required field 'publisher'
% ? Unsure about the formatting of the booktitle
% ? Title looks like it was stored in title-case in Zotero
